<?xml version="1.0" encoding="UTF-8"?><collection xmlns="http://www.loc.gov/MARC21/slim"><record><leader>00403nam--2200133-i-4500</leader><controlfield tag="001">000007302</controlfield><controlfield tag="002">20161230</controlfield><controlfield tag="005">20161230201027</controlfield><controlfield tag="008">060222s1000------------r-----000-0-eng-d</controlfield><datafield ind1=" " ind2=" " tag="100"><subfield code="a">Aalto, E</subfield></datafield><datafield ind1=" " ind2=" " tag="245"><subfield code="a">Measured and predicted neutron fluxes in, and leakage through, a configuration of perforated fe plates in d2o</subfield></datafield><datafield ind1=" " ind2=" " tag="260"><subfield code="a">Stckholm, Aktiebolaget Atomenergy, 1965 23 P</subfield></datafield><datafield ind1=" " ind2=" " tag="490"><subfield code="a">198</subfield></datafield><datafield ind1=" " ind2=" " tag="852"><subfield code="a">15157</subfield></datafield></record></collection>